Plačiau apie šaltinių tipus ir jų atributus:
http://mirror.datacenter.by/pub/mirrors/CTAN/macros/latex/contrib/biblatex/doc/biblatex.pdf#subsection.2.1

@article{PvzStraipsnLt,
    author={A. Pavardenis and B. Pavardonis and C. Pavardauskas},
    title={Straipsnio pavadinimas},
    journal={Žurnalo pavadinimas},
    year={2001},
    volume={IV},
    pages={8-17},
} 

@article{PvzStraipsnEn,
    author={A. Surname and B. Tsurname and C. Usurname},
    title={Article Title},
    journal={Journal Title},
    year={2001},
    volume={IV},
    pages={3-15},
    langid={english},
} 

@inproceedings{PvzKonfLt,
    author={A. Pavardenis and B. Pavardonis and C. Pavardauskas and D. Pavardinskas},
    title={Straipsnio pavadinimas},
    booktitle={Rinkinio pavadinimas},
    year={2002},
    publisher={Leidykla},
    address={Miestas, šalis},
    pages={3-15},
}

@inproceedings{PvzKonfEn,
    author={A. Surname and B. Tsurname and C. Usurname and D. Vsurname},
    title={Article title},
    booktitle={Conference book title},
    year={2002},
    publisher={Publisher},
    address={City, country},
    pages={3-15},
    langid={english},
}

@book{PvzKnygLt,  
    author={A. Pavardenis and B. Pavardonis and C. Pavardauskas},
    title={Knygos pavadinimas},
    publisher={Leidykla},
    year={2003},
    address={Miestas, šalis},
    note={172 psl.},
}

@book{PvzKnygEn,  
    author={A. Surname and B. Tsurname and C. Usurname},
    title={Book title},
    publisher={Publisher},
    year={2003},
    address={City, country},
    note={172 p.},
    langid={english},
}

@misc{PvzElPubLt,
    author={A. Pavardenis and B. Pavardonis and C. Šavardauskas},
    title={Elektroninės publikacijos pavadinimas},
    howpublished={\url{http://example.com/kelias/iki/straipsnio.pdf}},
    year={2004}, 
    note={45 KB, tikrinta 2015-02-01},
}

@misc{PvzElPubEn,
    author={A. Surname and B. Tsurname and C. Usurname},
    title={Online Source Title},
    howpublished={\url{http://example.com/path/to/the/article.pdf}},
    year={2004}, 
    note={45 KB, accessed 2015-02-01.},
    langid={english},
}

@mastersthesis{PvzMagistrLt,
    author={A. Pavardonis},
    title={Magistrinio darbo pavadinimas},
    school={Universiteto pavadinimas},
    year={2005},
}

@phdthesis{PvzPhdEn,
    author={A. Surname},
    title={Ttitle of PhD thesis},
    school={Title of university},
    year={2005},
    langid={english},
}

@article{StacionaroPaslaugos,
    author= {{Lietuvos Respublikos sveikatos apsaugos ministerija}},
    file = {:C$\backslash$:/Users/Dziugas/Desktop/Bachelor.Thesis/saltiniai/istatymai/TAR.81A9AC71E954.pdf:pdf},
    mendeley-groups = {istatymai},
    number = {120},
    pages = {185--189},
    title = {DĖL REANIMACIJOS IR INTENSYVIOSIOS TERAPIJOS PASLAUGŲ TEIKIMO VAIKAMS IR SUAUGUSIESIEMS SĄLYGŲ IR TVARKOS APRAŠŲ PATVIRTINIMO},
    volume = {46},
    year = {2005}
}

@article{LigoniuKasa,
    author= {{Valstybinė ligonių kasa}},
    file = {:C$\backslash$:/Users/Dziugas/Desktop/Valstybinė ligonių kasa - Stacionarinės paslaugos.pdf:pdf},
    title = {Stacionarinės paslaugos},
    year = {2014},
    url={http://www.vlk.lt/veikla/veiklos-sritys/sveikatos-prieziuros-paslaugos/Stacionarin%c4%97s%20paslaugos}
}

@article{Gyvento2017,
    abstract = {Pagrindinis statistinės informacijos apie santuokas, i{\v{s}}tuokas, gimimus, mirtis, tarptautin{\c{e}} ir vidaus migracij{\c{a}} {\v{s}}altinis yra Lietuvos Respublikos Gyventojų registras. Bendrieji gimstamumo, mirtingumo, emigracijos, imigracijos, atvykimo, i{\v{s}}vykimo, santuokų, i{\v{s}}tuokų, natūralios gyventojų kaitos, neto tarptautinės ir vidaus migracijos rodikliai-per metus gyvų gimusių kūdikių, mirusių, emigravusių, imigravusių, atvykusių, i{\v{s}}vykusių asmenų, įregistruotų santuokų, i{\v{s}}tuokų, natūralios gyventojų kaitos, neto tarptautinės, vidaus migracijos ir vidutinio metinio gyventojų skai{\v{c}}iaus santykis, skai{\v{c}}iuojamas 1 tūkst. gyventojų. Darbingo am{\v{z}}iaus gyventojai-asmenys nuo 16 metų iki Lietuvos Respublikos valstybinių socialinio draudimo pensijų įstatymo nustatyto senatvės pensijos am{\v{z}}iaus. Demografinės senatvės koeficientas-pagyvenusių (65 metų ir vyresnio am{\v{z}}iaus) {\v{z}}monių skai{\v{c}}ius, tenkantis {\v{s}}imtui vaikų (0-14 metų am{\v{z}}iaus). Emigracija-i{\v{s}}vykimas į kit{\c{a}} valstyb{\c{e}}, ketinant apsigyventi naujoje gyvenamojoje vietoje nuolat arba ne trumpiau kaip 12 mėnesių. Gyventojų tankis-gyventojų skai{\v{c}}ius 1 km², t. y. gyventojų ir ploto, kuriame jie gyvena, santykis. Gyvo kūdikio gimimas-kvėpuojan{\v{c}}io arba kitus gyvybės po{\v{z}}ymius, pavyzd{\v{z}}iui, {\v{s}}irdies plakimas, virk{\v{s}}telės pulsa-vimas arba ai{\v{s}}ki valinga raumenų veikla, turin{\v{c}}io kūdikio gimimas, neatsi{\v{z}}velgiant į gestacinį am{\v{z}}ių. Imigracija-atvykimas į valstyb{\c{e}}, ketinant apsigyventi naujoje gyvenamojoje vietoje nuolat arba ne trumpiau kaip 12 mėnesių. I{\v{s}}tuoka-įstatymų nustatyta tvarka nutraukta santuoka. Santuoka laikoma nutraukta nuo teismo sprendimo j{\c{a}} nutraukti įsiteisėjimo dienos, pa{\v{z}}ymėtos santuokos nutraukimo įra{\v{s}}e. Kūdikis-vaikas iki vienų metų am{\v{z}}iaus. Medianinis gyventojų am{\v{z}}ius-tai tokia gyventojų am{\v{z}}iaus reik{\v{s}}mė, kuri atitinka variacinės eilutės vidurin{\c{e}} reik{\v{s}}m{\c{e}}, t. y. dalija gyventojus į dvi vienodas dalis taip, kad pusė jų yra jaunesni nei medianinio am{\v{z}}iaus, kita pusė-vyresni. Natūrali gyventojų kaita-gyvų gimusių kūdikių ir mirusių asmenų skai{\v{c}}iaus skirtumas. Nuolatinė gyvenamoji vieta-vieta, kurioje asmuo paprastai praleid{\v{z}}ia poilsiui skirt{\c{a}} paros dalį, nepaisant laikinųjų nebuvimų i{\v{s}}vykstant poilsiauti, atostogauti, aplankyti draugus ir gimines, verslo reikalais, gydytis arba keliaujant religijos tikslais į {\v{s}}vent{\c{a}}sias vietas. Nuolatiniais gyventojais yra laikomi asmenys, kurie: i) iki ataskaitinės datos savo nuolatinėje gyvenamojoje vietoje nenutrūkstamai gyveno ma{\v{z}}iausiai 12 mėnesių, arba ii) per paskutinius 12 mėnesių iki ataskaitinės datos atvyko į savo nuolatin{\c{e}} gyvenam{\c{a}}j{\c{a}} viet{\c{a}} ketindami joje pasilikti ma{\v{z}}iausiai vienus metus. Nuolatiniai gyventojai-visi asmenys, kurių nuolatinė gyvenamoji vieta ataskaitiniu laikotarpiu yra Lietuvos Respub-likoje. Neto tarptautinė migracija-imigravusių ir emigravusių asmenų skai{\v{c}}iaus skirtumas. Neto vidaus migracija-atvykusių ir i{\v{s}}vykusių asmenų skai{\v{c}}iaus skirtumas. Pensinio am{\v{z}}iaus gyventojai-asmenys, sulauk{\c{e}} teisės aktų nustatyto senatvės pensijos am{\v{z}}iaus, ir vyresni (2017 m. vyrai-63 metai 6 mėn., moterys-62 metai). Santuoka-įstatymų nustatyta tvarka įformintas savanori{\v{s}}kas vyro ir moters susitarimas sukurti {\v{s}}eimos teisinius santykius. Vidaus migrantas-asmuo, atvyk{\c{e}}s arba i{\v{s}}vyk{\c{e}}s į nauj{\c{a}} gyvenam{\c{a}}j{\c{a}} viet{\c{a}} {\v{s}}alies viduje ir ketinantis joje apsigyventi nuolat arba ne trumpiau kaip 12 mėn. Vidutinė tikėtina gyvenimo trukmė-tikimybinis rodiklis, rodantis, kiek vidutini{\v{s}}kai metų gyvens kiekvienas gim{\c{e}}s arba sulauk{\c{e}}s tam tikro am{\v{z}}iaus {\v{z}}mogus, jeigu vis{\c{a}} būsim{\c{a}} tiriamos kartos gyvenim{\c{a}} mirtingumo lygis kiekvienoje gyventojų am{\v{z}}iaus grupėje nekis. Vidutinis metinis gyventojų skai{\v{c}}ius-vidutinis gyventojų skai{\v{c}}ius, kuris apskai{\v{c}}iuojamas sudėjus nuolatinių gyventojų skai{\v{c}}ių metų prad{\v{z}}ioje ir pabaigoje ir padalijus i{\v{s}} dviejų.},
    author = {{Lietuvos statistikos departamentas}},
    file = {:C$\backslash$:/Users/Dziugas/Desktop/Bachelor.Thesis/saltiniai/Gyventojai.pdf:pdf},
    keywords = {Gyventojai},
    title = {{Gyventojai}},
    url = {https://osp.stat.gov.lt/documents/10180/3329771/Gyventojai.pdf},
    year = {2017}
}

@misc{Kasa2016,
    author = {{Valstybinė ligonių Kasa}},
    file = {:C$\backslash$:/Users/Dziugas/Desktop/Bachelor.Thesis/saltiniai/0414 Korupcijos tyrimas trumpas pristatymas.pdf:pdf},
    title = {{Lietuvos gyventojų apklausa apie sveikatos apsaugą}},
    url = {http://www.vlk.lt/naujienos/tyrimai/Documents/VLK%20informuotumo%20ir%20pasitik%C4%97jimo%20tyrimas.pdf},
    year = {2016}
}

@article{ESPBINuostatos,
    author = {{Lietuvos Respublikos Vyriausybė}},
    file = {:C$\backslash$:/Users/Dziugas/Desktop/Bachelor.Thesis/saltiniai/TAR.A5AD03F7C95C.pdf:pdf},
    number = {1057},
    title = {{DĖL ELEKTRONINĖS SVEIKATOS PASLAUGŲ IR BENDRADARBIAVIMO INFRASTRUKTŪROS INFORMACINĖS SISTEMOS NUOSTATŲ PATVIRTINIMO}},
    year = {2011},
    url = {https://e-seimas.lrs.lt/rs/legalact/TAD/TAIS.406145/format/ISO_PDF/},
}

@article{Ministras2015,
    author = {{Sveikatos Apsaugos Ministras}},
    pages = {1--18},
    title = {{ĮSAKYMAS DĖL LIETUVOS E. SVEIKATOS 2007–2015 METŲ PLĖTROS STRATEGIJOS PATVIRTINIMO}},
    volume = {49},
    year = {2015}
}

@techreport{Specifikacija,
    author = {{Lietuvos Respublikos Sveikatos Apsaugos Ministerija}},
    file = {::},
    pages = {339},
    title = {{ESPBI IS Specifikacija}},
    url = {https://sam.lrv.lt/uploads/sam/documents/files/Veiklos{\_}sritys/E. sveikata/Strateginiai{\_}e. sveikatos{\_}dokumentai/ESPBI IS techninis aprasymas specifikacija{\_}V1{\_}1.pdf},
    year = {2016}
}

@misc{Eurostat,
    year={2018},
    title = {{Population structure and ageing}},
    author = {{Eurostat}},
    url = {https://ec.europa.eu/eurostat/statistics-explained/index.php/Population{\_}structure{\_}and{\_}ageing},
    urldate = {2019-02-24}
}

@article{Organization2012,
    author = {{World Health Organization}},
    publisher = {World Health Organization},
    title = {{Data and statistics}},
    url = {http://www.euro.who.int/en/health-topics/Health-systems/health-workforce/data-and-statistics},
    year = {2012},
    urldate = {2019-02-24}
}

@book{Sabooniha2012,
    abstract = {Healthcare organisations aim to provide high-quality, cost-effective healthcare delivery; to do this they must manage a large amounts of information. A fundamental concern in health management is the integration of health information across distributed, heterogeneous and disparate information systems. Various integration approaches have been attempted by healthcare organizations to solve the problems associated with this integration. However, the variety of approaches means that selecting the appropriate integration approach is problematic. This paper aims to analyse and evaluate current integration approaches in the healthcare domain. It attempts to clarify the issues surrounding the adoption of integration solutions in this domain for both healthcare decision-makers and system integrators.},
    author = {Sabooniha, Nazanin and Toohey, Danny and Lee, Kevin},
    file = {::},
    isbn = {9781450311960},
    keywords = {Evaluation,Integration,Interoperability,J3 [LIFE AND MEDICAL SCIENCES]: Medical information systems General Terms Performance and Theory Keywords Hospital Information System},
    title = {{An Evaluation of Hospital Information Systems Integration Approaches}},
    url = {http://delivery.acm.org/10.1145/2350000/2345479/p498-sabooniha.pdf?ip=193.219.95.139{\&}id=2345479{\&}acc=ACTIVE SERVICE{\&}key=1FA3353941FE8055.0BB7C649D41C6C66.4D4702B0C3E38B35.4D4702B0C3E38B35{\&}{\_}{\_}acm{\_}{\_}=1551115003{\_}f4b45030245e0c895f2da0081ccf1908},
    year = {2012}
}

@book{Sabooniha2012,
    abstract = {Healthcare organisations aim to provide high-quality, cost-effective healthcare delivery; to do this they must manage a large amounts of information. A fundamental concern in health management is the integration of health information across distributed, heterogeneous and disparate information systems. Various integration approaches have been attempted by healthcare organizations to solve the problems associated with this integration. However, the variety of approaches means that selecting the appropriate integration approach is problematic. This paper aims to analyse and evaluate current integration approaches in the healthcare domain. It attempts to clarify the issues surrounding the adoption of integration solutions in this domain for both healthcare decision-makers and system integrators.},
    author = {Sabooniha, Nazanin and Toohey, Danny and Lee, Kevin},
    file = {::},
    isbn = {9781450311960},
    keywords = {Evaluation,Integration,Interoperability,J3 [LIFE AND MEDICAL SCIENCES]: Medical informatio},
    title = {{An Evaluation of Hospital Information Systems Integration Approaches}},
    url = {http://delivery.acm.org/10.1145/2350000/2345479/p498-sabooniha.pdf?ip=193.219.95.139{\&}id=2345479{\&}acc=ACTIVE SERVICE{\&}key=1FA3353941FE8055.0BB7C649D41C6C66.4D4702B0C3E38B35.4D4702B0C3E38B35{\&}{\_}{\_}acm{\_}{\_}=1551115003{\_}f4b45030245e0c895f2da0081ccf1908},
    year = {2012}
}

@book{JuliusGriskevicius,
    author = {Griškevičius, Julius and Kizlaitis, Romualdas},
    doi = {10.3846/1353­S},
    file = {:C$\backslash$:/Users/Dziugas/AppData/Local/Mendeley Ltd./Mendeley Desktop/Downloaded/Julius Gri{\v{s}}kevi{\v{c}}ius - Unknown - INFORMACINĖS SISTEMOS MEDICINOJE(2).pdf:pdf},
    isbn = {978­609­457­237­1},
    title = {{INFORMACINĖS SISTEMOS MEDICINOJE}},
    year = {2012},
}

@misc{EuroposKomisija,
    author = {{Europos Komisija}},
    title = {{Overview of the national laws on electronic health records in the EU Member States (2016) | Visuomenės sveikata}},
    url = {https://ec.europa.eu/health/ehealth/projects/nationallaws{\_}electronichealthrecords{\_}lt},
    urldate = {2019-03-07},
    year = {2016}
}

@techreport{EuroposParlamentas,
    author = {{Europos Parlamentas} and {Europos Taryba}},
    file = {::},
    title = {{Directives on the application of patients' rights in cross-border healthcare}},
    url = {https://eur-lex.europa.eu/LexUriServ/LexUriServ.do?uri=OJ:L:2011:088:0045:0065:EN:PDF},
    urldate = {2019-03-07},
    year = {2011}
}

@misc{HL72009,
    author = {{Health Level Seven International}},
    title = {{About Health Level Seven International}},
    url = {http://www.hl7.org/about/index.cfm},
    urldate = {2019-03-07},
    year = {2009}
}

@techreport{Registrucentras,
    author = {{Registrų centras}},
    file = {::},
    year = {2017},
    title = {{ESPBI IS VEIKIMAS}},
    url = {https://sam.lrv.lt/uploads/sam/documents/files/Veiklos{\_}sritys/E. sveikata/priedas 1 prie{\_}LP{\_}332.pdf}
}

@article{Motlagh2012,
    author = {Motlagh, Naser Hossein},
    doi = {10.13140/RG.2.1.1232.0720},
    file = {:C$\backslash$:/Users/Dziugas/Desktop/Bachelor.Thesis/saltiniai/NearFieldCommunicationNFC-AtechnicalOverview.pdf:pdf},
    number = {May 2012},
    title = {{Near Field Communication (NFC) - A technical Overview}},
    url = {https://www.researchgate.net/publication/283498836{\_}Near{\_}Field{\_}Communication{\_}NFC{\_}-{\_}A{\_}technical{\_}Overview},
    year = {2012}
}

@book{Igoe2014,
    abstract = {NFC, or Near Field Communication, is a protocol for the contactless exchange of data between devices (such as the Android-powered Nexus S) and/or certain kinds of tags. NFC also interoperates with certain RFID tags such as the Mifare tags. Where the fun begins is when you throw hobbyist hardware into the mix. The inexpensive ({\$}30) SonMicro RFID reader/writer, when paired with an equally inexpensive antenna, gives you the ability to encode custom messages on RFID tags that you can later read by tapping the tags against your phone. This book shows how you can exchange data between Android, Arduino, and Processing using NFC and RFID.},
    archivePrefix = {arXiv},
    arxivId = {arXiv:1011.1669v3},
    author = {Igoe, Tom and Coleman, Don and Jepson, Brian},
    booktitle = {Journal of Chemical Information and Modeling},
    doi = {10.1017/CBO9781107415324.004},
    eprint = {arXiv:1011.1669v3},
    file = {:C$\backslash$:/Users/Dziugas/Desktop/Bachelor.Thesis/saltiniai/Tom Igoe, Don Coleman, Brian Jepson - Beginning NFC{\_} Near Field Communication with Arduino, Android, and PhoneGap-O'Reilly Media (2014).pdf:pdf},
    isbn = {9788578110796},
    issn = {1098-6596},
    keywords = {icle},
    number = {9},
    pages = {1689--1699},
    pmid = {25246403},
    title = {{Beginning NFC - Nar Field Communication with Arduino, Android {\&} PhoneGAP}},
    volume = {53},
    year = {2014}
}

@article{Caglar2016,
    author = {Caglar, Mehmet Fatih and Yavuz, Musa and Dogan, Habib and Gozel, M.Ahmet},
    file = {:C$\backslash$:/Users/Dziugas/Desktop/Bachelor.Thesis/saltiniai/6004-26127-1-PB.pdf:pdf},
    journal = {International Journal of Technological Science},
    number = {August},
    title = {{Use of Radio Frequency Identification Systems on Animal Monitoring}},
    volume = {2},
    year = {2016}
}


@book{Hunt2006,
    abstract = {This book provides an introduction to RFID technology. It describes and addresses the following: How RFID works, how it is and can be used in current and future applications. The History of RFID technology, the current state of practice and where RFID is expected to be taken in the future. The role of middleware software to route data between the RFID network and the information technology systems within an organization.   Commercial and government use of RFID technology with an emphasis on a wide range of applications including retail and consumer packaging, transportation and distribution of products, industrial and manufacturing operations, security and access control. Industry standards and the regulatory compliance environment and finally, the privacy issues faced by the public and industry regarding the deployment of RFID technology.},
    author = {Hunt, V. Daniel and Puglia, Albert and Puglia, Mike},
    booktitle = {RFID-A Guide to Radio Frequency Identification},
    doi = {10.1002/9780470112250},
    file = {:C$\backslash$:/Users/Dziugas/Desktop/Bachelor.Thesis/saltiniai/V. Daniel Hunt, Albert Puglia, Mike Puglia - RFID{\_} A Guide to Radio Frequency Identification (2007, Wiley-Interscience)-1.pdf:pdf},
    isbn = {9780470107645},
    pages = {1--214},
    title = {{RFID-A Guide to Radio Frequency Identification}},
    year = {2006}
}

@techreport{whitepapaer,
    author ={{Innovision Research & Technology plc}},
    title = {{Near Field Communication in the real world}},
    url = {https://members.nfc-forum.org/resources/white{\_}papers/Innovision{\_}whitePaper1.pdf},
    year={2006}
}

@book{Leora1980,
    author = {Coskun, Vedat and Ok, Kerem and Ozdenizci, Busra},
    file = {:C$\backslash$:/Users/Dziugas/Desktop/Bachelor.Thesis/saltiniai/Vedat Coskun, Kerem Ok, Busra Ozdenizci(auth.) - Near Field Communication{\_} From Theory to Practice (2012).pdf:pdf},
    isbn = {5985010104},
    title = {{Near Field Communication: From Theory to Practice}},
    volume = {4},
    year = {2012}
}

@article{NFCForum2006,
    author = {{NFC Forum}},
    file = {:C$\backslash$:/Users/Dziugas/Desktop/Bachelor.Thesis/saltiniai/NFCForum-TS-NDEF.pdf:pdf},
    journal = {Version},
    title = {{Forum “NFC Data Exchange Format–Technical specification”}},
    url = {http://scholar.google.com/scholar?hl=en{\&}btnG=Search{\&}q=intitle:NFC+Data+Exchange+Format+(+NDEF+)+Technical+Specification{\#}5},
    year = {2006}
}

@article{Rahul2015,
    abstract = {Near Field Communication, NFC-is one of the latest short range wireless communication technologies. NFC provides safe communication between electronic gadgets. NFC-enabled devices can just be pointed or touched by the users of their devices to other NFC-enabled devices to communicate with them. With NFC technology, communication is established when an NFC-compatible device is brought within a few centimetres of another i.e. around 20 cm theoretically (4cm is practical). The immense benefit of the short transmission range is that it prevents eavesdropping on NFC-enabled dealings. NFC technology enables several innovative usage scenarios for mobile devices. NFC technology works on the basis of RFID technology which uses magnetic field induction to commence communication between electronic devices in close vicinity. NFC operates at 13.56MHz and has 424kbps maximum data transfer rate. NFC is complementary to Bluetooth and 802.11 with their long distance capabilities. In card emulation mode NFC devices can offer contactless/wireless smart card standard. This technology enables smart phones to replace traditional plastic cards for the purpose of ticketing, payment, etc. Sharing (share files between phones), service discovery i.e. get information by touching smart phones etc. are other possible applications of NFC using smart phones. This paper provides an overview of NFC technology in a detailed manner including working principle, transmission details, protocols and standards, application scenarios, future market, security standards and vendor's chipsets which are available for this standard. This comprehensive survey should serve as a useful guide for students, researchers and academicians who are interested in NFC Technology and its applications [1].},
    author = {Rahul, Anusha and Krishnan, Gokul and Krishnan, Unni and Rao, Sethuraman},
    doi = {10.5121/ijci.2015.4213},
    file = {::},
    journal = {International Journal on Cybernetics {\&} Informatics (IJCI)},
    keywords = {Near Field Communication,RFID},
    number = {2},
    title = {{NEAR FIELD COMMUNICATION (NFC) TECHNOLOGY: A SURVEY}},
    url = {http://airccse.org/journal/ijci/papers/4215ijci13.pdf},
    volume = {4},
    year = {2015}
}

@techreport{whitepaper2,
    author = {{NFC Forum}},
    abstract = {Near Field Communication (NFC) is a new short-range, standards-based wireless connectivity technology, that uses magnetic field induction to enable communication between electronic devices in close proximity. Based on RFID technology, NFC provides a medium for the identification protocols that validate secure data transfer. NFC enables users to perform intuitive, safe, contactless transactions, access digital content and connect electronic devices simply by touching or bringing devices into close proximity. This White Paper gives an overview of NFC uses, NFC technology and signals and RF measurements on NFC units.},
    file = {:C$\backslash$:/Users/Dziugas/AppData/Local/Mendeley Ltd./Mendeley Desktop/Downloaded/Unknown - Unknown - Near Field Communication (NFC) Technology and Measurements White Paper(2).pdf:pdf},
    title = {{Near Field Communication (NFC) Technology and Measurements White Paper}},
    url = {https://cdn.rohde-schwarz.com/pws/dl{\_}downloads/dl{\_}application/application{\_}notes/1ma182/1MA182{\_}5E{\_}NFC{\_}WHITE{\_}PAPER.pdf}
}

@techreport{Gautam,
    abstract = {NFC (Near Field Communication) is a recently growing technology for communications to be done in short range aimed to augment existing near field technologies such as RFID (Radio Frequency Identification).This paper covers the important details of this technology, its advantages and the feasibility of its usability in this highly-regulated area. Using a NFC enabled mobile phone; the user interacts with different tags to get the required services in a very easy way. The physical closeness that NFC requires guarantees the reduced chance of a human error and, by the ease of instructions, allows doctors, nurses and even patients to monitor the health conditions as well as up to date corrected data acquisition. This paper explains that how NFC has become an important and effective technology in medical applications with the help of recent work that has been done by various researchers.},
    author = {Gautam, Jimmy and Kumar, Yogesh and Jhamb, Sunny},
    file = {:C$\backslash$:/Users/Dziugas/AppData/Local/Mendeley Ltd./Mendeley Desktop/Downloaded/Gautam, Kumar, Jhamb - Unknown - Current Near Field Communication (NFC) Trends in Medical Sector.pdf:pdf},
    title = {{Current Near Field Communication (NFC) Trends in Medical Sector}},
    url = {www.ijert.org},
    year = {2013}
}

@article{ShyamThangaraju2013,
    author = {{Shyam Thangaraju}},
    file = {:C$\backslash$:/Users/Dziugas/Desktop/Bachelor.Thesis/saltiniai/near{\_}field{\_}communication{\_}in{\_}medical{\_}devices.pdf:pdf},
    journal = {HCL Technologies. Reproduction Prohibited},
    number = {April},
    title = {{Near Field Communication in Medical Devices}},
    url = {http://developer.android.com/guide/topics/connectivity/nfc/index.html},
    year = {2013}
}

@techreport{Marcus,
    abstract = {One of the largest IT challenges in the health and medical fields is the ability to track large numbers of patients and materials. As mobile phone availability becomes ubiquitous around the world, the use of Near Field Communication (NFC) with mobile phones is emerging as a promising solution to this challenge. The decreasing price and increasing availability of mobile phones and NFC allows us to to apply these technologies to developing countries in order to overcome patient identification and disease surveillance limitations, and permit improvements in data quality, patient referral, and emergency response. In this paper, we present a system using NFC-enabled mobile phones for facilitating the tracking and care of patients in a low-resource environment. While our system design has been inspired by the needs of an ongoing project in Karachi, Pakistan, we believe that it is easily generalizable and applicable for similar health and medical projects in other places where mobile service is available.},
    author = {Marcus, Adam and Davidzon, Guido and Law, Denise and Verma, Namrata and Fletcher, Rich and Khan, Aamir and Sarmenta, Luis},
    file = {::},
    title = {{Using NFC-enabled Mobile Phones for Public Health in Developing Countries}},
    url = {http://sonyverma.com/docs/ict4d/nfc-submitted-final-1.pdf},
    year = {2009}
}

@techreport{forum2,
    author = {{NFC Forum}},
    abstract = {NFC applications have the potential to revolutionize the way healthcare is delivered around the world, by creating new ways of carrying out tasks, accessing information and connecting with people and information. By simplifying the exchange of digital content between patients, providers and organizations, NFC can help transform the healthcare system, while reducing costs and improving care. A short-range wireless communication technology, NFC makes life easier and more convenient for consumers around the world by making it possible to perform transactions, exchange digital content and connect electronic devices with just a touch. NFC FOR HEALTHCARE Healthcare organizations and providers are increasingly seeing the value of implementing NFC as part of their care delivery. NFC opens up possibilities to securely exchange portable medical records, reduce healthcare fraud, access emergency medical information, track medication adherence, and monitor patients' fitness and wellness activities. Why NFC for Healthcare • Highly secure and easy transfer of patient information and medical records • Patients easily track health information at home and providers quickly access accurate data from patient records • One-to-one device pairing gives increased confidence that information is accurate to a specific patient Peer-to-peer mode enables two devices to exchange information or files Reader-writer mode enables devices to read information written on an embedded tag Card emulation mode enables devices to act like smart cards for access and payment THe N-MArk lets people easily identify NFC-enabled devices and touchpoints, providing simple and nearly effortless access to the full power, ease and convenience of NFC solutions: HEALTHCARE SIG},
    file = {::},
    title = {{NFC Technology: Safer and Better Quality of Care}},
    url = {www.nfc-forum.org}
}

@article{Strommer2006,
    abstract = {We study the possibility of applying an emerging RFID-based communication technology, NFC (Near Field Communication), to health monitoring. We suggest that NFC is, compared to other competing technologies, a high-potential technology for short-range connectivity between health monitoring devices and mobile terminals. We propose practices to apply NFC to some health monitoring applications and study the benefits that are attainable with NFC. We compare NFC to other short-range communication technologies such as Bluetooth and IrDA, and study the possibility of improving the usability of health monitoring devices with NFC. We also introduce a research platform for technical evaluation, applicability study and application demonstrations of NFC.},
    author = {Str{\"{o}}mmer, Esko and Kaartinen, Jouni and P{\"{a}}rkk{\"{a}}, Julia and Ylisaukko-oja, Arto and Korhonen, Ilkka},
    doi = {10.1109/IEMBS.2006.260021},
    file = {:C$\backslash$:/Users/Dziugas/Desktop/Bachelor.Thesis/saltiniai/04462489.pdf:pdf},
    isbn = {1424400325},
    issn = {05891019},
    journal = {Annual International Conference of the IEEE Engineering in Medicine and Biology - Proceedings},
    keywords = {Health monitoring,Mobile terminals,Near field communication (NFC),Short-range communication},
    pages = {3246--3249},
    title = {{Application of near field communication for health monitoring in daily life}},
    year = {2006}
}

@article{Zhang2011,
    abstract = {Wireless sensors have the potential to greatly affect the health monitoring systems in health care. By outfitting patients with wireless, wearable sensors, monitoring the health condition of patients is distinctly simplified. Considering the current methods of health monitoring, medical assistants or caregivers just use some instruments such as Sphygmomanometer and Electrocardiograph to record the health status of patients on daily or some hourly basis, which is definitely time-consuming. In this paper we provide a solution to this tedious and time consuming task by using Near Field communication (NFC), an upcoming technology along with wireless sensors and android applications. By implementing the architecture described in the paper, medical assistants would simply use NFC enabled devices to collect the data from patients only touching or getting it closer to patient's NFC enabled device. Data collected from wireless sensors is stored in patient's devices first, and then it is transferred to the hospital database under patients' medical record via tapping two devices directly. Thus it provides an easy way to collect the medical data and save time.},
    author = {Zhang, Huijuan and Li, Junlin},
    doi = {10.1109/ICECENG.2011.6057534},
    file = {:C$\backslash$:/Users/Dziugas/Desktop/Bachelor.Thesis/saltiniai/06057534.pdf:pdf},
    isbn = {9781424481637},
    issn = {0888-8892},
    journal = {2011 International Conference on Electrical and Control Engineering, ICECE 2011 - Proceedings},
    keywords = {Communication,NFC Data Exchange Format (NDEF),Near Field communication (NFC),Wireless Sensors},
    pages = {718--721},
    publisher = {IEEE},
    title = {{NFC in medical applications with wireless sensors}},
    year = {2011}
}

@article{RamaKrishnaPrasad,
abstract = {To create standards-based secure access to patient's personal data and medical records by using RFID tags and Web Service with the help of hardware kit. This system uses Web service interfaces to support standard Electronic Health Records for patient record interoperability. Customers can view and update their personal medical information via the web site, which seamlessly sync with one another. Because the system is built on Web services, it is easy to update, adapt and grow. Trying to identify an unconscious patient or patient who is unable to communicate can lead to delays in treatment. With this system emergency departments improve efficiency while enhancing the level of patient care. This project uses the hardware kit to get the patient id. The hardware kit will send the patient id to the serial port of the system. Hence tracking and monitoring of patients, their case sheets and medical equipments can be efficiently carried out. However, the reality of RFID adoption is far behind earlier expectation. This study reviews the literature on RFID applications in healthcare based on a formal research framework. We aim to identify current opportunities, potential benefits and adoption barriers. Our study shows that most care providers indicated that RFID to be functional and useful in asset tracking and patient identification. Major barriers to RFID adoption in healthcare include prohibitive costs, technological limitations, and privacy concerns. Although RFID offers healthcare practitioners advantages to enhance clinical practice, better designed RFID systems are needed to increase acceptance and proper use of RFID in healthcare.},
    author = {{Rama Krishna Prasad}, NellipudiSiva and Rajesh, Arepalli},
    file = {::},
    issn = {2231-2803},
    journal = {International Journal of Computer Trends and Technology},
    keywords = {Electronic Health Record,Healthcare,Monitoring,RFID,Tracking},
    title = {{RFID-Based Hospital Real Time Patient Management System}},
    url = {http://www.internationaljournalssrg.org},
    year = {2012}
}

@article{Ajami2014,
    author = {Ajami, Sima and Rajabzadeh, Ahmad},
    file = {:C$\backslash$:/Users/Dziugas/Desktop/Bachelor.Thesis/saltiniai/23isiRAJABJRMS9478-37774-1-PB1.pdf:pdf},
    keywords = {18,2013,809-13,ajami s,article,how to cite this,identification,j res med sci,medical errors,patients,radio,radio frequency identification,rajabzadeh ah,rfid,safety,technology,technology and patient safety},
    number = {September 2013},
    title = {{Radio Frequency Identification ( RFID ) technology and patient safety}},
    year = {2014}
}

@article{Puma2012,
    abstract = {In the midterm future Near Field Communications (NFC) is expected to spread up within the healthcare sector. This article reviews the use of NFC in the healthcare sector. Application areas, use cases, potential benefits and barriers, will be presented. The present study provides guidance for researchers in adopting and deploying NFC in medical sector. The main healthcare and security applications are patient's identification and medication control. NFC can also be used in deploying resource control, management and data acquisition and remote delivery applications. The main benefits of NFC are: improvement of care quality, existence of standards and applications with friendly human interface. The main barriers are: limited availability of mobile phones with NFC, deployment costs, security, technology limitations and support of the health centre staff. {\textcopyright} 2012 IEEE.},
    author = {Puma, Jose Pirrone and Huerta, Monica and Alvizu, Rodolfo and Clotet, Roger},
    doi = {10.1109/Andescon.2012.19},
    file = {:C$\backslash$:/Users/Dziugas/Desktop/Bachelor.Thesis/saltiniai/MobileIdentificationNFCintheHealthcareSector.pdf:pdf},
    isbn = {9780769548821},
    journal = {Proceedings of the 6th Andean Region International Conference, Andescon 2012},
    keywords = {Mobile Identification,Near Field Communication,healthcare},
    number = {April 2014},
    pages = {39--42},
    pmid = {21481266},
    title = {{Mobile identification: NFC in the healthcare sector}},
    year = {2012}
}

@techreport{Azlina2013,
    abstract = {This paper discuss on RFID technology that can be implemented for Government hospital in tracking assets to improve accuracy, safety, efficiency and quality of services provided by hospital in Malaysia. Type of asset that focused is tracking reusable sharing assets that can be categorized into queuing and non-queuing assets. For this proposed system the authors are considering on queuing assets such as portable X-ray, bed, wheelchair etc. Several private hospitals in Malaysia and China have already implemented RFID technology in different purposes and practices. Even though RFID technology already exist quite sometimes but this paper is introducing new idea of converging smart phones with RFID reader. Besides that, some challenges in adopting RFID in Government hospitals are also highlighted. Comparison of the two technologies which consists of RFID and barcode that are suitable to be used in hospital asset tracking system is discussed and reasons for choosing RFID for hospital tracking assets are emphasized. Primary and secondary data collection approach is used to collect requirement data for researching the usage of RFID in government hospital. Prototypes of the system implemented for desktop and mobile application are introduced.},
    author = {Azlina, Nor and Rahman, Abd and Marlia, Zety and Vasudavan, Hemalata and Abidin, Zainal},
    file = {::},
    keywords = {component; RFID,hospital,non-queuing asset,queuing asset,reusable,tracking},
    title = {{Malaysia Hospital Asset Tracking System using RFID Technology (MHATS) Relationship between Motivational Dimensions towards Intention to Purchase Green Food Product in Malaysia View project Entrepreneurial Education View project Malaysia Hospital Asset Tracking System using RFID Technology (MHATS)}},
    url = {https://www.researchgate.net/publication/245025372},
    year = {2013}
}

@article{Fontecha2011,
    abstract = {Nowadays there is a need to improve the life quality of people in different social environments. One of the main fields to propose new improvements is healthcare. In this kind of scenario, health workers are doing a very important job because they are responsible for providing appropriate care to their patients. However, they are complaining about the complicated use of healthcare applications. In this paper, we describe a developed system based on NFC technology and touching interaction (as a complement) to help nursing students to perform patient care tasks with simple interactions, including medication administration, clinical tests, and vital signs supervision among other. This goal is achieved through NFC services deployment in the environment. Moreover, we have evaluated the developed prototype in two Nursing Schools obtaining interesting results.},
    author = {Fontecha, Jes{\'{u}}s and Herv{\'{a}}s, Ram{\'{o}}n and Bravo, Jos{\'{e}} and Villarreal, Vladimir},
    doi = {10.1109/NFC.2011.15},
    file = {:C$\backslash$:/Users/Dziugas/Desktop/Bachelor.Thesis/saltiniai/05741299.pdf:pdf},
    isbn = {9780769543277},
    journal = {Proceedings - 3rd International Workshop on Near Field Communication, NFC 2011},
    keywords = {Ambient Intelligence,Natural Interaction,Near Field Communication,Nursing education,Touching Interfaces},
    pages = {38--43},
    title = {{An NFC approach for nursing care training}},
    year = {2011}
}

@article{Davcev2015,
    abstract = {Implementing a software system that modifies the work habit of employees can often lead to disapproval of the system and potentially make their jobs worse. This is often the case when implementing new healthcare system in medical centers, where the system is intended to help medical personnel and patients, but due to bad implementation or miscommunication leads to bad healthcare system. In this paper we are using ergonomic factors in order to improve the design of the proposed NFC-based healthcare system. Using these factors, modifications can be made to the system in order to provide better user experience and better healthcare.},
    author = {Davcev, Danco and Jakimovski, Goran},
    doi = {10.1016/j.promfg.2015.07.770},
    file = {:C$\backslash$:/Users/Dziugas/Desktop/Bachelor.Thesis/saltiniai/1-s2.0-S2351978915007714-main.pdf:pdf},
    isbn = {0000000000},
    issn = {23519789},
    journal = {Procedia Manufacturing},
    keywords = {Cloud,Ergonomics,Medical,NFC,healthcare},
    number = {Ahfe},
    pages = {5631--5638},
    publisher = {The Authors},
    title = {{Ergonomics Design of Healthcare NFC-based System}},
    url = {http://dx.doi.org/10.1016/j.promfg.2015.07.770},
    volume = {3},
    year = {2015}
}
